@article{DBLP:journals/cacm/RompfO12,
  author    = {Tiark Rompf and
               Martin Odersky},
  title     = {Lightweight modular staging: a pragmatic approach to runtime code
               generation and compiled {DSLs}},
  journal   = {Commun. {ACM}},
  volume    = {55},
  number    = {6},
  pages     = {121--130},
  year      = {2012},
}

@inproceedings{DBLP:conf/snapl/RompfBLSJAOSKDK15,
  author    = {Tiark Rompf and
               Kevin J. Brown and
               HyoukJoong Lee and
               Arvind K. Sujeeth and
               Manohar Jonnalagedda and
               Nada Amin and
               Georg Ofenbeck and
               Alen Stojanov and
               Yannis Klonatos and
               Mohammad Dashti and
               Christoph Koch and
               Markus P{\"{u}}schel and
               Kunle Olukotun},
  title     = {Go Meta! {A} Case for Generative Programming and {DSLs} in Performance
               Critical Systems},
  booktitle = {1st Summit on Advances in Programming Languages, {SNAPL} 2015, May
               3-6, 2015, Asilomar, California, {USA}},
  pages     = {238--261},
  year      = {2015},
}

@inproceedings{DBLP:conf/icfp/SlesarenkoFR14,
  author    = {Alexander Slesarenko and
               Alexander Filippov and
               Alexey Romanov},
  title     = {First-class isomorphic specialization by staged evaluation},
  booktitle = {Proceedings of the 10th {ACM} {SIGPLAN} workshop on Generic programming,
               {WGP} 2014, Gothenburg, Sweden, August 31, 2014},
  pages     = {35--46},
  year      = {2014},
}

@inproceedings{DBLP:conf/irep/ClickP95,
  author    = {Cliff Click and
               Michael Paleczny},
  title     = {A Simple Graph-Based Intermediate Representation},
  booktitle = {Proceedings {ACM} {SIGPLAN} Workshop on Intermediate Representations
               (IR'95), San Francisco, CA, USA, January 22, 1995},
  pages     = {35--49},
  year      = {1995},
}
